%--------------------------------------------------------------------%
% File ini berisi list Daftar Pustaka. Entry pustaka berikut dapat disitasi 
% kedalam badan dokumen menggunakan command \cite{label}
%
% NB: Daftar Pustaka hanya akan memunculkan entry yang disitasi 
% dalam badan dokumen. Jika tidak, maka tidak akan muncul
%--------------------------------------------------------------------%

@book{knuth2001art,
    title={The Art of Computer Programming: Fundamental Algorithms},
    author={Knuth, D.E.},
    number={v. 1},
    isbn={9780201896831},
    series={The Art of Computer Programming: Fundamental Algorithms},
    year={2001},
    publisher={Addison-Wesley}
}
@INPROCEEDINGS{Vogels2006Am,
    author={W. Vogels},
    booktitle={2006 IEEE International Conference on Services Computing (SCC'06)},
    title={Web Services at Amazon.com},
    year={2006},
    pages={xxii-xxii},
    keywords={Distributed computing;Technological innovation;Web services},
    doi={10.1109/SCC.2006.116},
    month={Sept}
}
